2725 4134
513 589 568 645 IN
586 587 697 647 Asso
719 586 948 646 EPHRONIS.
1144 589 1180 645 13

275 783 434 860 Impatiens
455 782 616 860 vetitosque
637 784 729 842 invito
749 783 848 841 limine
867 802 980 860 gressus

273 914 389 971 Janua:
411 914 545 974 custodes
564 933 689 991 gemere,
711 920 798 991 atque
817 912 981 972 horrescere
1001 912 1072 971 visu.

273 1046 399 1123 Jamque
418 1046 472 1104 sub
493 1045 605 1123 ingenti
626 1044 796 1105 collustrant
816 1044 929 1123 singula
948 1044 1057 1121 templo

274 1176 414 1249 Attoniti,
436 1177 556 1235 delubra
576 1185 701 1254 patrum,
722 1177 878 1254 celataque
898 1176 973 1235 ferro

274 1309 417 1381 Claustra,
438 1309 636 1386 coloratasque
655 1329 751 1386 super,
772 1308 933 1367 velamina11
954 1328 1063 1386 regum,

275 1440 422 1499 Mirantur
441 1446 544 1507 vestes,
565 1460 751 1519 gemmasque
772 1448 802 1500 et
822 1440 898 1499 dona
918 1439 1040 1516 piorum.

276 1570 442 1643 Quinetiam
462 1578 599 1648 angentes
618 1570 715 1629 aditus
735 1576 766 1629 et
786 1589 874 1647 parva
893 1568 1016 1645 sepulcri

277 1701 360 1761 Ostia
379 1702 548 1780 despiciunt.
593 1703 657 1761 Imo
678 1702 745 1761 hinc
766 1702 867 1761 venito
886 1702 993 1762 halitus
1014 1709 1105 1773 antro,

275 1831 332 1911 (Ut
353 1833 493 1913 referunt)
515 1842 664 1912 sacratque
686 1835 801 1893 locum:
831 1834 993 1911 pendetque
1014 1841 1113 1893 eatena

275 1968 407 2045 Desuper
428 1974 458 2026 et
477 1969 611 2026 tenebras
631 1968 708 2026 inter
728 1968 817 2026 miaat
837 1968 921 2025 unica
941 1968 1051 2043 lampas
1063 1988 1113 2038 3-—

274 2094 409 2153 Manibus
429 2094 480 2153 illa
500 2095 618 2172 quidem
638 2116 702 2154 sera
723 2095 921 2172 acceptissima
941 2103 1033 2165 nocte,

275 2228 306 2285 N
308 2249 340 2286 ee
361 2228 464 2300 medio,
485 2228 526 2286 sie
547 2228 630 2300 fama,
652 2228 706 2286 die.
750 2228 896 2287 Mirantur
916 2235 1017 2287 euntes

276 2360 401 2433 Seilieet,
421 2368 508 2439 atque
528 2382 643 2420 omnem
664 2368 800 2421 revocant
820 2362 857 2419 ab
878 2361 989 2439 origine
1009 2362 1133 2418 famam:

275 2488 390 2547 Priscus
411 2510 513 2568 agrum
534 2510 591 2568 quo
611 2498 696 2568 paeto
717 2489 963 2568 hospes-solatia
982 2492 1077 2549 luctus

274 2622 390 2699 Exigua
409 2622 783 2701 ingentis-propriumque
803 2622 833 2680 in
854 2629 923 2682 vota
943 2623 1106 2699 sepulerum

275 2753 450 2828 Quaesierit3
480 2753 529 2831 qui
549 2754 653 2814 deinde
675 2754 739 2827 viri,
761 2774 824 2831 quae
845 2754 945 2813 funera
965 2755 1061 2813 sedem

277 2886 380 2947 Gentis
400 2886 579 2947 honestarint
589 2907 598 2959 3
627 2906 722 2963 quove
742 2886 906 2963 adspirante
926 2886 1003 2945 beati

277 3016 405 3077 Numine
425 3017 598 3076 tradiderint
618 3023 758 3076 aeternum
779 3016 810 3073 in
830 3016 932 3075 saecula
952 3036 1065 3076 nomen.

306 3212 316 3235 ¹
332 3206 386 3255 The
398 3206 568 3255 embroidered
579 3210 678 3271 aarpets
695 3206 765 3270 hung
779 3222 839 3255 over
849 3206 892 3255 the
909 3206 993 3255 shrine
1005 3208 1033 3256 of
1046 3208 1175 3257 Abraham

273 3316 315 3348 are
331 3299 385 3348 said
402 3304 429 3347 to
446 3299 509 3347 have
526 3298 589 3347 been
605 3299 649 3349 the
666 3299 716 3363 gift
732 3299 759 3347 of
775 3298 912 3349 Mahamed
923 3299 961 3357 II,
979 3300 1022 3349 the
1038 3316 1177 3365 conqueror

273 3391 301 3437 of
308 3389 524 3453 Constantinople,
536 3389 614 3438 Selim
627 3390 647 3446 1,
659 3390 703 3437 the
715 3405 853 3453 conqueror
864 3389 892 3438 of
904 3389 998 3455 Egypt,
1011 3390 1060 3439 and
1072 3391 1115 3439 the
1126 3391 1176 3441 late

273 3481 362 3529 Saltan
374 3480 461 3529 Abdul
472 3480 577 3544 Medjid.

306 3579 316 3599 ⁹
333 3574 393 3622 Vid.
411 3577 429 3601 “
439 3573 534 3621 Jewish
546 3573 666 3630 Church,''
678 3590 702 3637 p.
719 3584 773 3634 50¹·
