2725 4134
190 550 225 608 14
415 550 641 610 SPELUNOA
665 550 849 609 DUPLEX

227 746 306 803 Talia
326 747 452 805 versanti
469 748 576 824 species
597 748 718 806 evanida
738 768 835 807 rerum

186 878 321 937 Volvitur
340 886 407 938 ante
428 880 534 952 oculos,
554 886 584 938 ei
604 899 662 938 non
682 880 811 939 reditura
831 881 883 938 sub
904 900 988 939 auras

186 1011 305 1069 Saecula
347 1010 514 1085 Quinetiam
534 1019 657 1089 surgunt
678 1011 766 1089 longo
787 1012 887 1070 ordine
907 1019 1009 1089 gentes

186 1142 364 1214 Praeter-itm
393 1142 522 1215 redeunt,
544 1142 569 1200 si
589 1161 661 1219 quos
681 1143 816 1201 subvexit
836 1142 867 1201 in
888 1150 965 1203 astra

186 1272 276 1331 Fama
295 1273 403 1350 procul,
425 1273 449 1331 si
469 1291 542 1350 quos
562 1273 654 1349 pietas
674 1280 704 1331 et
724 1273 821 1331 vivida
840 1274 941 1333 virtus.

188 1404 249 1463 Ceu
269 1406 414 1483 quondam
433 1412 545 1464 veteres
565 1404 663 1463 animo
682 1424 850 1463 revocamus
869 1404 984 1476 amicos,

188 1536 288 1597 Oblita
309 1555 451 1596 annornm
469 1538 560 1614 lapan,
580 1544 611 1595 ct
627 1536 803 1614 juvenilibus
822 1544 887 1595 acta

188 1668 395 1746 Temporibus:
425 1688 499 1727 vana
515 1668 600 1746 juvat
619 1668 698 1727 intus
718 1667 843 1745 imagine
863 1668 951 1744 pasci¹

188 1800 228 1858 Et
248 1800 341 1858 varias
361 1800 466 1859 iterare
485 1800 562 1859 vices
582 1807 612 1859 ei
631 1800 728 1859 tristia
747 1799 813 1858 fatis

189 1932 284 1991 Mixta
304 1932 406 1990 bonis:
435 1933 497 1991 noti
518 1952 615 1991 coram
636 1951 807 2010 consurgere
827 1932 933 2003 vultus,

189 2065 229 2123 Et
249 2064 335 2122 simul
355 2064 449 2121 audiri
469 2070 545 2122 notae
565 2064 642 2122 inter
661 2062 773 2122 somnia
792 2082 885 2121 voces.

190 2197 245 2262 Sic,
266 2196 352 2255 tellus
371 2196 483 2269 «iudea,
503 2203 620 2272 patrum
641 2196 772 2273 longaeva
792 2202 908 2254 tuorum

190 2328 337 2404 Spectanti
358 2319 551 2400 monumenta,
572 2328 648 2387 redit
668 2327 778 2386 felicior
798 2336 866 2386 aetas

189 2461 227 2518 In
247 2467 383 2525 mentem,
405 2448 537 2537 lircesque
557 2461 629 2525 aliae,
651 2461 722 2518 dum
741 2480 879 2537 prospera
898 2460 983 2517 rebus

189 2594 329 2670 Adspirae
349 2592 464 2651 fortuna
483 2592 551 2651 tuis.
595 2590 680 2650 Heu!
703 2592 796 2651 nescia
816 2592 901 2650 sortis

191 2726 269 2785 Gens
288 2726 363 2794 altae,
386 2730 547 2801 sanctaeque
567 2722 660 2802 (nefas
672 2723 692 2802 !)
712 2730 758 2782 tot
778 2724 881 2781 saecula
900 2710 972 2799 legis

190 2857 358 2935 impatiens.
399 2854 519 2914 Meritas
539 2854 687 2913 sedenim
707 2874 760 2931 pro
781 2854 899 2911 crimine
919 2873 1025 2930 paenas,

191 2990 252 3067 Ipsi
273 2988 342 3047 olim
363 2986 467 3046 dilecta
487 2984 558 3059 Dec,
579 3006 655 3045 nunc
674 3006 773 3063 sparsa
792 3006 845 3063 per
864 3005 928 3043 oras

190 3123 343 3181 Terrarum
364 3118 445 3179 dedit
465 3127 618 3179 extremas.
661 3118 766 3177 Aliena
784 3118 882 3205 labore

192 3255 301 3333 Pingue
321 3254 415 3312 solum
435 3260 550 3311 exercei
570 3270 679 3317 manus,
701 3257 731 3309 et
751 3249 893 3309 ditissima
913 3249 996 3326 gleba

191 3388 251 3447 Dat
270 3386 383 3445 facilem
403 3385 530 3444 extemis
549 3385 667 3442 victum.
712 3382 789 3457 Quin
809 3380 885 3440 ridet
906 3381 988 3452 oliva,

192 3520 279 3579 Ridet
298 3518 469 3576 inexhausto
489 3518 641 3575 florescens
661 3516 749 3573 ubere
769 3514 854 3572 vitis:
