<?xml version="1.0" encoding="UTF-8"?>
<!DOCTYPE html PUBLIC "-//W3C//DTD XHTML 1.0 Transitional//EN"
    "http://www.w3.org/TR/xhtml1/DTD/xhtml1-transitional.dtd">
<html xmlns="http://www.w3.org/1999/xhtml" xml:lang="en" lang="en">
 <head>
  <title>
</title>
<meta http-equiv="Content-Type" content="text/html;charset=utf-8" />
  <meta name='ocr-system' content='tesseract 3.04.00' />
  <meta name='ocr-capabilities' content='ocr_page ocr_carea ocr_par ocr_line ocrx_word'/>
</head>
<body>
  <div class='ocr_page' id='page_1' title='image "./speluncaduplexi00papigoog_0009.png"; bbox 0 0 2725 4134; ppageno 0'>
   <div class='ocr_carea' id='block_1_1' title="bbox 512 640 1180 701">
    <p class='ocr_par' dir='ltr' id='par_1_1' title="bbox 512 640 1180 701">
     <span class='ocr_line' id='line_1_1' title="bbox 512 640 1180 701; baseline -0.003 -2"><span class='ocrx_word' id='word_1_1' title='bbox 512 643 566 699; x_wconf 90' lang='lat' dir='ltr'><strong>IN</strong></span> <span class='ocrx_word' id='word_1_2' title='bbox 584 641 695 701; x_wconf 70' lang='lat' dir='ltr'><strong>Aeno</strong></span> <span class='ocrx_word' id='word_1_3' title='bbox 716 640 944 699; x_wconf 77' lang='lat' dir='ltr'><em>EPHRONIS.</em></span> <span class='ocrx_word' id='word_1_4' title='bbox 1162 642 1180 697; x_wconf 84' lang='lat'>5</span> 
     </span>
    </p>
   </div>
   <div class='ocr_carea' id='block_1_2' title="bbox 278 835 1179 2495">
    <p class='ocr_par' dir='ltr' id='par_1_2' title="bbox 284 835 1034 915">
     <span class='ocr_line' id='line_1_2' title="bbox 284 835 1034 915; baseline -0.005 -18"><span class='ocrx_word' id='word_1_5' title='bbox 284 843 300 871; x_wconf 89' lang='lat'><strong>“</strong></span> <span class='ocrx_word' id='word_1_6' title='bbox 314 838 484 897; x_wconf 82' lang='lat' dir='ltr'>Terminus:</span> <span class='ocrx_word' id='word_1_7' title='bbox 513 837 661 915; x_wconf 84' lang='lat' dir='ltr'><strong>ingredior</strong></span> <span class='ocrx_word' id='word_1_8' title='bbox 681 837 767 896; x_wconf 83' lang='lat' dir='ltr'><strong>lentoe</strong></span> <span class='ocrx_word' id='word_1_9' title='bbox 788 836 910 895; x_wconf 81' lang='lat' dir='ltr'><strong>confinis</strong></span> <span class='ocrx_word' id='word_1_10' title='bbox 931 835 1034 894; x_wconf 86' lang='lat' dir='ltr'><strong>mortis</strong></span> 
     </span>
    </p>

    <p class='ocr_par' dir='ltr' id='par_1_3' title="bbox 283 969 1179 1444">
     <span class='ocr_line' id='line_1_3' title="bbox 284 969 1149 1045; baseline -0.007 -14"><span class='ocrx_word' id='word_1_11' title='bbox 284 976 301 1006; x_wconf 81' lang='lat'><strong>‘⁴</strong></span> <span class='ocrx_word' id='word_1_12' title='bbox 315 971 411 1039; x_wconf 82' lang='lat' dir='ltr'><strong>Serus,</strong></span> <span class='ocrx_word' id='word_1_13' title='bbox 433 978 464 1031; x_wconf 88' lang='lat' dir='ltr'><strong>et</strong></span> <span class='ocrx_word' id='word_1_14' title='bbox 483 971 521 1029; x_wconf 80' lang='lat' dir='ltr'><strong>od</strong></span> <span class='ocrx_word' id='word_1_15' title='bbox 541 970 643 1029; x_wconf 81' lang='lat' dir='ltr'><strong>Manes</strong></span> <span class='ocrx_word' id='word_1_16' title='bbox 662 990 733 1029; x_wconf 85' lang='lat' dir='ltr'><strong>mox</strong></span> <span class='ocrx_word' id='word_1_17' title='bbox 753 969 864 1029; x_wconf 79' lang='lat' dir='ltr'><strong>deferar</strong></span> <span class='ocrx_word' id='word_1_18' title='bbox 884 970 987 1027; x_wconf 83' lang='lat' dir='ltr'><strong>umbra</strong></span> <span class='ocrx_word' id='word_1_19' title='bbox 1007 974 1149 1045; x_wconf 82' lang='lat' dir='ltr'><strong>paternos.</strong></span> 
     </span>
     <span class='ocr_line' id='line_1_4' title="bbox 284 1102 1179 1179; baseline -0.006 -18"><span class='ocrx_word' id='word_1_20' title='bbox 284 1102 416 1161; x_wconf 86' lang='lat' dir='ltr'><strong>“Unum</strong></span> <span class='ocrx_word' id='word_1_21' title='bbox 436 1122 506 1161; x_wconf 91' lang='lat' dir='ltr'><strong>oro:</strong></span> <span class='ocrx_word' id='word_1_22' title='bbox 530 1109 572 1175; x_wconf 88' lang='lat' dir='ltr'><strong>tu,</strong></span> <span class='ocrx_word' id='word_1_23' title='bbox 593 1108 669 1168; x_wconf 84' lang='lat' dir='ltr'><strong>nete,</strong></span> <span class='ocrx_word' id='word_1_24' title='bbox 692 1109 805 1179; x_wconf 84' lang='lat' dir='ltr'><strong>patrem</strong></span> <span class='ocrx_word' id='word_1_25' title='bbox 826 1122 863 1160; x_wconf 89' lang='lat' dir='ltr'><strong>ne</strong></span> <span class='ocrx_word' id='word_1_26' title='bbox 883 1120 985 1179; x_wconf 89' lang='lat' dir='ltr'><strong>sperne</strong></span> <span class='ocrx_word' id='word_1_27' title='bbox 1007 1106 1179 1177; x_wconf 76' lang='lat' dir='ltr'><strong>precantem.</strong></span> 
     </span>
     <span class='ocr_line' id='line_1_5' title="bbox 283 1233 1054 1312; baseline -0.004 -18"><span class='ocrx_word' id='word_1_28' title='bbox 283 1236 369 1294; x_wconf 85' lang='lat' dir='ltr'><strong>“Est</strong></span> <span class='ocrx_word' id='word_1_29' title='bbox 388 1236 468 1293; x_wconf 88' lang='lat' dir='ltr'><strong>locus</strong></span> <span class='ocrx_word' id='word_1_30' title='bbox 487 1234 601 1312; x_wconf 75' lang='lat' dir='ltr'><strong>antiqui</strong></span> <span class='ocrx_word' id='word_1_31' title='bbox 621 1254 707 1312; x_wconf 90' lang='lat' dir='ltr'><strong>super</strong></span> <span class='ocrx_word' id='word_1_32' title='bbox 728 1234 815 1293; x_wconf 86' lang='lat' dir='ltr'><strong>Arbae</strong></span> <span class='ocrx_word' id='word_1_33' title='bbox 836 1234 950 1299; x_wconf 78' lang='lat' dir='ltr'><strong>moenis,</strong></span> <span class='ocrx_word' id='word_1_34' title='bbox 974 1233 1054 1292; x_wconf 89' lang='lat' dir='ltr'><strong>collis</strong></span> 
     </span>
     <span class='ocr_line' id='line_1_6' title="bbox 283 1366 1022 1444; baseline -0.003 -19"><span class='ocrx_word' id='word_1_35' title='bbox 283 1367 422 1425; x_wconf 86' lang='lat' dir='ltr'><strong>“Exciso</strong></span> <span class='ocrx_word' id='word_1_36' title='bbox 442 1367 540 1433; x_wconf 79' lang='lat' dir='ltr'><strong>latere,</strong></span> <span class='ocrx_word' id='word_1_37' title='bbox 562 1373 592 1426; x_wconf 88' lang='lat' dir='ltr'><strong>et</strong></span> <span class='ocrx_word' id='word_1_38' title='bbox 611 1366 727 1444; x_wconf 82' lang='lat' dir='ltr'><strong>gemine</strong></span> <span class='ocrx_word' id='word_1_39' title='bbox 747 1366 883 1443; x_wconf 84' lang='lat' dir='ltr'><strong>spelunca</strong></span> <span class='ocrx_word' id='word_1_40' title='bbox 904 1366 1022 1431; x_wconf 78' lang='lat' dir='ltr'><strong>latebra,</strong></span> 
     </span>
    </p>

    <p class='ocr_par' dir='ltr' id='par_1_4' title="bbox 284 1495 1112 1708">
     <span class='ocr_line' id='line_1_7' title="bbox 284 1495 1112 1574; baseline -0.004 -20"><span class='ocrx_word' id='word_1_41' title='bbox 284 1506 301 1531; x_wconf 81' lang='lat'><strong>‘⁴</strong></span> <span class='ocrx_word' id='word_1_42' title='bbox 315 1496 466 1573; x_wconf 77' lang='lat' dir='ltr'><strong>Religione</strong></span> <span class='ocrx_word' id='word_1_43' title='bbox 486 1503 604 1573; x_wconf 86' lang='lat' dir='ltr'><strong>patrum</strong></span> <span class='ocrx_word' id='word_1_44' title='bbox 623 1497 710 1574; x_wconf 86' lang='lat' dir='ltr'><strong>longe</strong></span> <span class='ocrx_word' id='word_1_45' title='bbox 730 1515 816 1555; x_wconf 83' lang='lat' dir='ltr'><strong>socer.</strong></span> <span class='ocrx_word' id='word_1_46' title='bbox 860 1495 928 1573; x_wconf 91' lang='lat' dir='ltr'><strong>Ipse</strong></span> <span class='ocrx_word' id='word_1_47' title='bbox 948 1495 1112 1572; x_wconf 89' lang='lat' dir='ltr'><strong>sepulcrum</strong></span> 
     </span>
     <span class='ocr_line' id='line_1_8' title="bbox 286 1626 1092 1708; baseline -0.002 -22"><span class='ocrx_word' id='word_1_48' title='bbox 286 1628 383 1688; x_wconf 91' lang='lat' dir='ltr'><strong>“Hoc</strong></span> <span class='ocrx_word' id='word_1_49' title='bbox 401 1629 499 1707; x_wconf 85' lang='lat' dir='ltr'><strong>posuit</strong></span> <span class='ocrx_word' id='word_1_50' title='bbox 518 1628 665 1708; x_wconf 85' lang='lat' dir='ltr'><strong>bgenitor,</strong></span> <span class='ocrx_word' id='word_1_51' title='bbox 687 1629 820 1705; x_wconf 91' lang='lat' dir='ltr'><strong>donoque</strong></span> <span class='ocrx_word' id='word_1_52' title='bbox 842 1627 986 1705; x_wconf 86' lang='lat' dir='ltr'><strong>Ephrouis</strong></span> <span class='ocrx_word' id='word_1_53' title='bbox 1007 1626 1092 1685; x_wconf 85' lang='lat' dir='ltr'><strong>amici</strong></span> 
     </span>
    </p>

    <p class='ocr_par' dir='ltr' id='par_1_5' title="bbox 286 1760 1063 1840">
     <span class='ocr_line' id='line_1_9' title="bbox 286 1760 1063 1840; baseline -0.003 -19"><span class='ocrx_word' id='word_1_54' title='bbox 286 1772 303 1796; x_wconf 86' lang='lat'><strong>“</strong></span> <span class='ocrx_word' id='word_1_55' title='bbox 316 1761 483 1840; x_wconf 85' lang='lat' dir='ltr'><strong>Asoivitque</strong></span> <span class='ocrx_word' id='word_1_56' title='bbox 503 1782 596 1829; x_wconf 83' lang='lat' dir='ltr'><strong>sunm,</strong></span> <span class='ocrx_word' id='word_1_57' title='bbox 617 1762 771 1838; x_wconf 77' lang='lat' dir='ltr'><strong>sanxitque</strong></span> <span class='ocrx_word' id='word_1_58' title='bbox 791 1761 821 1817; x_wconf 91' lang='lat' dir='ltr'><strong>in</strong></span> <span class='ocrx_word' id='word_1_59' title='bbox 842 1761 945 1820; x_wconf 85' lang='lat' dir='ltr'><strong>saecule</strong></span> <span class='ocrx_word' id='word_1_60' title='bbox 964 1760 1063 1819; x_wconf 86' lang='lat' dir='ltr'><strong>foedus.</strong></span> 
     </span>
    </p>

    <p class='ocr_par' dir='ltr' id='par_1_6' title="bbox 278 1893 1148 2233">
     <span class='ocr_line' id='line_1_10' title="bbox 278 1893 1118 1973; baseline -0.002 -19"><span class='ocrx_word' id='word_1_61' title='bbox 278 1898 301 1928; x_wconf 52' lang='grc' dir='ltr'>Ἢ</span> <span class='ocrx_word' id='word_1_62' title='bbox 315 1893 418 1955; x_wconf 79' lang='lat' dir='ltr'><strong>Stabat</strong></span> <span class='ocrx_word' id='word_1_63' title='bbox 439 1894 517 1953; x_wconf 92' lang='lat' dir='ltr'><strong>enim</strong></span> <span class='ocrx_word' id='word_1_64' title='bbox 537 1895 659 1973; x_wconf 86' lang='lat' dir='ltr'><strong>lugubre</strong></span> <span class='ocrx_word' id='word_1_65' title='bbox 680 1902 772 1960; x_wconf 89' lang='lat' dir='ltr'><strong>tuens,</strong></span> <span class='ocrx_word' id='word_1_66' title='bbox 794 1901 823 1953; x_wconf 90' lang='lat' dir='ltr'><strong>et</strong></span> <span class='ocrx_word' id='word_1_67' title='bbox 844 1901 961 1954; x_wconf 74' lang='lat' dir='ltr'><strong>maestus</strong></span> <span class='ocrx_word' id='word_1_68' title='bbox 982 1893 1118 1969; x_wconf 67' lang='lat' dir='ltr'><strong>adempti</strong></span> 
     </span>
     <span class='ocr_line' id='line_1_11' title="bbox 284 2024 1148 2103; baseline -0.002 -18"><span class='ocrx_word' id='word_1_69' title='bbox 284 2030 301 2057; x_wconf 89' lang='lat'>“</span> <span class='ocrx_word' id='word_1_70' title='bbox 314 2025 464 2103; x_wconf 80' lang='lat' dir='ltr'><strong>Oonjuge:</strong></span> <span class='ocrx_word' id='word_1_71' title='bbox 489 2026 607 2103; x_wconf 81' lang='lat' dir='ltr'><strong>jamque</strong></span> <span class='ocrx_word' id='word_1_72' title='bbox 628 2025 704 2083; x_wconf 88' lang='lat' dir='ltr'><strong>oculi</strong></span> <span class='ocrx_word' id='word_1_73' title='bbox 724 2025 851 2102; x_wconf 84' lang='lat' dir='ltr'><strong>lugentis</strong></span> <span class='ocrx_word' id='word_1_74' title='bbox 872 2031 902 2084; x_wconf 89' lang='lat' dir='ltr'><strong>et</strong></span> <span class='ocrx_word' id='word_1_75' title='bbox 922 2045 973 2083; x_wconf 84' lang='lat' dir='ltr'><strong>ors</strong></span> <span class='ocrx_word' id='word_1_76' title='bbox 993 2024 1148 2083; x_wconf 81' lang='lat' dir='ltr'><strong>madebant</strong></span> 
     </span>
     <span class='ocr_line' id='line_1_12' title="bbox 284 2156 1036 2233; baseline -0.003 -18"><span class='ocrx_word' id='word_1_77' title='bbox 284 2157 447 2217; x_wconf 83' lang='lat' dir='ltr'><strong>“Fletibus</strong></span> <span class='ocrx_word' id='word_1_78' title='bbox 466 2158 596 2217; x_wconf 85' lang='lat' dir='ltr'><strong>assiduis.</strong></span> <span class='ocrx_word' id='word_1_79' title='bbox 638 2158 736 2217; x_wconf 87' lang='lat' dir='ltr'><strong>Posito</strong></span> <span class='ocrx_word' id='word_1_80' title='bbox 757 2158 793 2216; x_wconf 90' lang='lat' dir='ltr'><strong>de</strong></span> <span class='ocrx_word' id='word_1_81' title='bbox 814 2158 912 2216; x_wconf 90' lang='lat' dir='ltr'><strong>funere</strong></span> <span class='ocrx_word' id='word_1_82' title='bbox 933 2156 1036 2233; x_wconf 84' lang='lat' dir='ltr'><strong>surgit,</strong></span> 
     </span>
    </p>

    <p class='ocr_par' dir='ltr' id='par_1_7' title="bbox 283 2286 1127 2495">
     <span class='ocr_line' id='line_1_13' title="bbox 283 2286 1104 2367; baseline -0.006 -18"><span class='ocrx_word' id='word_1_83' title='bbox 283 2299 301 2324; x_wconf 77' lang='lat'><strong>‘⁴</strong></span> <span class='ocrx_word' id='word_1_84' title='bbox 316 2288 419 2367; x_wconf 80' lang='lat' dir='ltr'><strong>Seque,</strong></span> <span class='ocrx_word' id='word_1_85' title='bbox 440 2290 491 2348; x_wconf 92' lang='lat' dir='ltr'><strong>ubi</strong></span> <span class='ocrx_word' id='word_1_86' title='bbox 512 2289 665 2349; x_wconf 89' lang='lat' dir='ltr'><strong>concilium</strong></span> <span class='ocrx_word' id='word_1_87' title='bbox 685 2289 828 2367; x_wconf 89' lang='lat' dir='ltr'><strong>primique</strong></span> <span class='ocrx_word' id='word_1_88' title='bbox 849 2289 879 2345; x_wconf 91' lang='lat' dir='ltr'><strong>in</strong></span> <span class='ocrx_word' id='word_1_89' title='bbox 899 2286 1000 2345; x_wconf 91' lang='lat' dir='ltr'><strong>limine</strong></span> <span class='ocrx_word' id='word_1_90' title='bbox 1020 2287 1104 2352; x_wconf 89' lang='lat' dir='ltr'><strong>cives,</strong></span> 
     </span>
     <span class='ocr_line' id='line_1_14' title="bbox 286 2415 1127 2495; baseline -0.006 -18"><span class='ocrx_word' id='word_1_91' title='bbox 286 2417 449 2478; x_wconf 79' lang='lat' dir='ltr'><strong>“Contulit</strong></span> <span class='ocrx_word' id='word_1_92' title='bbox 469 2418 499 2476; x_wconf 93' lang='lat' dir='ltr'><strong>in</strong></span> <span class='ocrx_word' id='word_1_93' title='bbox 520 2418 639 2485; x_wconf 89' lang='lat' dir='ltr'><strong>medios,</strong></span> <span class='ocrx_word' id='word_1_94' title='bbox 659 2418 822 2495; x_wconf 80' lang='lat' dir='ltr'><strong>blandoque</strong></span> <span class='ocrx_word' id='word_1_95' title='bbox 842 2417 903 2475; x_wconf 81' lang='lat' dir='ltr'><strong>haec</strong></span> <span class='ocrx_word' id='word_1_96' title='bbox 924 2436 973 2475; x_wconf 91' lang='lat' dir='ltr'><strong>ore</strong></span> <span class='ocrx_word' id='word_1_97' title='bbox 993 2415 1127 2474; x_wconf 87' lang='lat' dir='ltr'><strong>locutus:</strong></span> 
     </span>
    </p>
   </div>
   <div class='ocr_carea' id='block_1_3' title="bbox 285 2545 1183 2627">
    <p class='ocr_par' dir='ltr' id='par_1_8' title="bbox 285 2545 1183 2627">
     <span class='ocr_line' id='line_1_15' title="bbox 285 2545 1183 2627; baseline -0.004 -21"><span class='ocrx_word' id='word_1_98' title='bbox 285 2554 302 2584; x_wconf 88' lang='lat'><strong>“</strong></span> <span class='ocrx_word' id='word_1_99' title='bbox 317 2550 380 2608; x_wconf 84' lang='lat' dir='ltr'><strong>‘De</strong></span> <span class='ocrx_word' id='word_1_100' title='bbox 399 2550 472 2609; x_wconf 91' lang='lat' dir='ltr'><strong>mihi</strong></span> <span class='ocrx_word' id='word_1_101' title='bbox 479 2563 501 2617; x_wconf 78' lang='lat'><strong>0,</strong></span> <span class='ocrx_word' id='word_1_102' title='bbox 517 2551 554 2608; x_wconf 84' lang='lat' dir='ltr'><strong>de</strong></span> <span class='ocrx_word' id='word_1_103' title='bbox 567 2551 693 2627; x_wconf 80' lang='lat' dir='ltr'><strong>spatium</strong></span> <span class='ocrx_word' id='word_1_104' title='bbox 706 2555 915 2609; x_wconf 84' lang='lat' dir='ltr'><strong>terres—vetus</strong></span> <span class='ocrx_word' id='word_1_105' title='bbox 934 2547 1037 2624; x_wconf 84' lang='lat' dir='ltr'><strong>hospes</strong></span> <span class='ocrx_word' id='word_1_106' title='bbox 1057 2545 1183 2605; x_wconf 84' lang='lat' dir='ltr'><strong>amicum</strong></span> 
     </span>
    </p>
   </div>
   <div class='ocr_carea' id='block_1_4' title="bbox 285 2678 1157 2759">
    <p class='ocr_par' dir='ltr' id='par_1_9' title="bbox 285 2678 1157 2759">
     <span class='ocr_line' id='line_1_16' title="bbox 285 2678 1157 2759; baseline -0.006 -19"><span class='ocrx_word' id='word_1_107' title='bbox 285 2686 301 2716; x_wconf 91' lang='lat'><strong>“</strong></span> <span class='ocrx_word' id='word_1_108' title='bbox 316 2692 325 2716; x_wconf 87' lang='lat'>‘</span> <span class='ocrx_word' id='word_1_109' title='bbox 339 2682 428 2740; x_wconf 84' lang='lat' dir='ltr'><strong>Haud</strong></span> <span class='ocrx_word' id='word_1_110' title='bbox 447 2682 609 2759; x_wconf 81' lang='lat' dir='ltr'><strong>spernenda</strong></span> <span class='ocrx_word' id='word_1_111' title='bbox 628 2701 829 2758; x_wconf 85' lang='lat' dir='ltr'><strong>precor-quo</strong></span> <span class='ocrx_word' id='word_1_112' title='bbox 850 2700 921 2738; x_wconf 81' lang='lat' dir='ltr'><strong>ceree</strong></span> <span class='ocrx_word' id='word_1_113' title='bbox 942 2678 1072 2755; x_wconf 82' lang='lat' dir='ltr'><strong>conjugis</strong></span> <span class='ocrx_word' id='word_1_114' title='bbox 1093 2696 1157 2735; x_wconf 85' lang='lat' dir='ltr'><strong>osse</strong></span> 
     </span>
    </p>
   </div>
   <div class='ocr_carea' id='block_1_5' title="bbox 285 2811 1102 3287">
    <p class='ocr_par' dir='ltr' id='par_1_10' title="bbox 285 2811 1035 2889">
     <span class='ocr_line' id='line_1_17' title="bbox 285 2811 1035 2889; baseline 0.011 -20"><span class='ocrx_word' id='word_1_115' title='bbox 285 2818 301 2845; x_wconf 90' lang='lat'><strong>“</strong></span> <span class='ocrx_word' id='word_1_116' title='bbox 316 2812 441 2872; x_wconf 88' lang='lat' dir='ltr'><strong>‘Officio</strong></span> <span class='ocrx_word' id='word_1_117' title='bbox 462 2814 593 2873; x_wconf 86' lang='lat' dir='ltr'><strong>decorem</strong></span> <span class='ocrx_word' id='word_1_118' title='bbox 615 2813 710 2880; x_wconf 84' lang='lat' dir='ltr'><strong>solito,</strong></span> <span class='ocrx_word' id='word_1_119' title='bbox 732 2819 898 2889; x_wconf 81' lang='lat' dir='ltr'><strong>semotoque</strong></span> <span class='ocrx_word' id='word_1_120' title='bbox 918 2811 1035 2870; x_wconf 75' lang='lat' dir='ltr'><strong>tandem</strong></span> 
     </span>
    </p>

    <p class='ocr_par' dir='ltr' id='par_1_11' title="bbox 285 2944 1102 3287">
     <span class='ocr_line' id='line_1_18' title="bbox 285 2944 1102 3023; baseline -0.002 -22"><span class='ocrx_word' id='word_1_121' title='bbox 285 2956 302 2980; x_wconf 78' lang='lat'><strong>‘⁴</strong></span> <span class='ocrx_word' id='word_1_122' title='bbox 317 2946 387 3003; x_wconf 84' lang='lat' dir='ltr'><strong>‘Ex</strong></span> <span class='ocrx_word' id='word_1_123' title='bbox 406 2946 497 3005; x_wconf 87' lang='lat' dir='ltr'><strong>oculis</strong></span> <span class='ocrx_word' id='word_1_124' title='bbox 516 2947 645 3005; x_wconf 83' lang='lat' dir='ltr'><strong>condem.</strong></span> <span class='ocrx_word' id='word_1_125' title='bbox 690 2946 739 3005; x_wconf 81' lang='lat' dir='ltr'><strong>Sic</strong></span> <span class='ocrx_word' id='word_1_126' title='bbox 759 2966 806 3005; x_wconf 91' lang='lat' dir='ltr'><strong>me</strong></span> <span class='ocrx_word' id='word_1_127' title='bbox 825 2945 881 3005; x_wconf 87' lang='lat' dir='ltr'><strong>tibi</strong></span> <span class='ocrx_word' id='word_1_128' title='bbox 902 2944 996 3023; x_wconf 82' lang='lat' dir='ltr'><strong>gretie</strong></span> <span class='ocrx_word' id='word_1_129' title='bbox 1015 2944 1102 3001; x_wconf 84' lang='lat' dir='ltr'><strong>vivex</strong></span> 
     </span>
     <span class='ocr_line' id='line_1_19' title="bbox 285 3072 1075 3155; baseline -0.006 -21"><span class='ocrx_word' id='word_1_130' title='bbox 285 3087 302 3111; x_wconf 79' lang='lat'><strong>‘⁴</strong></span> <span class='ocrx_word' id='word_1_131' title='bbox 317 3086 324 3110; x_wconf 90' lang='lat'>‘</span> <span class='ocrx_word' id='word_1_132' title='bbox 340 3076 513 3155; x_wconf 81' lang='lat' dir='ltr'><strong>Oonjunget,</strong></span> <span class='ocrx_word' id='word_1_133' title='bbox 534 3076 575 3136; x_wconf 94' lang='lat' dir='ltr'><strong>sic</strong></span> <span class='ocrx_word' id='word_1_134' title='bbox 596 3095 663 3133; x_wconf 84' lang='lat' dir='ltr'><strong>vere</strong></span> <span class='ocrx_word' id='word_1_135' title='bbox 683 3076 762 3148; x_wconf 90' lang='lat' dir='ltr'><strong>fides,</strong></span> <span class='ocrx_word' id='word_1_136' title='bbox 784 3082 813 3134; x_wconf 90' lang='lat' dir='ltr'><strong>et</strong></span> <span class='ocrx_word' id='word_1_137' title='bbox 833 3081 932 3134; x_wconf 81' lang='lat' dir='ltr'><strong>sancte</strong></span> <span class='ocrx_word' id='word_1_138' title='bbox 951 3072 1075 3151; x_wconf 90' lang='lat' dir='ltr'><strong>sepulcri</strong></span> 
     </span>
     <span class='ocr_line' id='line_1_20' title="bbox 285 3208 1043 3287; baseline -0.001 -23"><span class='ocrx_word' id='word_1_139' title='bbox 285 3219 302 3243; x_wconf 88' lang='lat'>“</span> <span class='ocrx_word' id='word_1_140' title='bbox 318 3219 325 3243; x_wconf 88' lang='lat'>‘</span> <span class='ocrx_word' id='word_1_141' title='bbox 339 3208 470 3287; x_wconf 66' lang='lat' dir='ltr'><strong>Religio?</strong></span> <span class='ocrx_word' id='word_1_142' title='bbox 512 3209 659 3269; x_wconf 78' lang='lat' dir='ltr'><strong>Unanime</strong></span> <span class='ocrx_word' id='word_1_143' title='bbox 678 3208 823 3267; x_wconf 85' lang='lat' dir='ltr'><strong>consensit</strong></span> <span class='ocrx_word' id='word_1_144' title='bbox 843 3227 912 3266; x_wconf 92' lang='lat' dir='ltr'><strong>voce</strong></span> <span class='ocrx_word' id='word_1_145' title='bbox 932 3225 1043 3265; x_wconf 85' lang='lat' dir='ltr'><strong>corona.</strong></span> 
     </span>
    </p>
   </div>
   <div class='ocr_carea' id='block_1_6' title="bbox 284 3347 1184 3687">
    <p class='ocr_par' dir='ltr' id='par_1_12' title="bbox 317 3347 536 3398">
     <span class='ocr_line' id='line_1_21' title="bbox 317 3347 536 3398; baseline -0.005 0"><span class='ocrx_word' id='word_1_146' title='bbox 317 3347 328 3377; x_wconf 65' lang='lat'>⁵</span> <span class='ocrx_word' id='word_1_147' title='bbox 344 3349 449 3398; x_wconf 84' lang='lat' dir='ltr'><strong>Genesis</strong></span> <span class='ocrx_word' id='word_1_148' title='bbox 466 3350 536 3398; x_wconf 85' lang='lat' dir='ltr'><strong>xxiii.</strong></span> 
     </span>
    </p>

    <p class='ocr_par' dir='ltr' id='par_1_13' title="bbox 284 3434 1184 3687">
     <span class='ocr_line' id='line_1_22' title="bbox 317 3434 1184 3504; baseline -0.012 -14"><span class='ocrx_word' id='word_1_149' title='bbox 317 3444 327 3467; x_wconf 82' lang='lat'><strong>¹</strong></span> <span class='ocrx_word' id='word_1_150' title='bbox 346 3440 389 3488; x_wconf 90' lang='lat' dir='ltr'><strong>“I</strong></span> <span class='ocrx_word' id='word_1_151' title='bbox 406 3456 447 3489; x_wconf 80' lang='lat' dir='ltr'><strong>sm</strong></span> <span class='ocrx_word' id='word_1_152' title='bbox 464 3456 481 3489; x_wconf 82' lang='lat' dir='ltr'><strong>s</strong></span> <span class='ocrx_word' id='word_1_153' title='bbox 497 3444 614 3504; x_wconf 79' lang='lat' dir='ltr'><strong>strenger</strong></span> <span class='ocrx_word' id='word_1_154' title='bbox 631 3438 681 3487; x_wconf 76' lang='lat' dir='ltr'><strong>and</strong></span> <span class='ocrx_word' id='word_1_155' title='bbox 699 3455 715 3487; x_wconf 81' lang='lat' dir='ltr'><strong>s</strong></span> <span class='ocrx_word' id='word_1_156' title='bbox 731 3438 861 3501; x_wconf 87' lang='lat' dir='ltr'><strong>sojonrner</strong></span> <span class='ocrx_word' id='word_1_157' title='bbox 876 3436 938 3486; x_wconf 84' lang='lat' dir='ltr'><strong>with</strong></span> <span class='ocrx_word' id='word_1_158' title='bbox 953 3451 1020 3500; x_wconf 85' lang='lat' dir='ltr'><strong>you:</strong></span> <span class='ocrx_word' id='word_1_159' title='bbox 1038 3434 1095 3498; x_wconf 81' lang='lat' dir='ltr'><strong>give</strong></span> <span class='ocrx_word' id='word_1_160' title='bbox 1112 3449 1152 3481; x_wconf 88' lang='lat' dir='ltr'><strong>me</strong></span> <span class='ocrx_word' id='word_1_161' title='bbox 1168 3449 1184 3480; x_wconf 79' lang='lat' dir='ltr'><strong>s</strong></span> 
     </span>
     <span class='ocr_line' id='line_1_23' title="bbox 284 3525 1183 3595; baseline -0.011 -15"><span class='ocrx_word' id='word_1_162' title='bbox 284 3530 423 3595; x_wconf 87' lang='lat' dir='ltr'><strong>possession</strong></span> <span class='ocrx_word' id='word_1_163' title='bbox 445 3532 470 3579; x_wconf 87' lang='lat' dir='ltr'><strong>of</strong></span> <span class='ocrx_word' id='word_1_164' title='bbox 488 3548 504 3580; x_wconf 78' lang='lat' dir='ltr'>a</span> <span class='ocrx_word' id='word_1_165' title='bbox 523 3528 713 3595; x_wconf 77' lang='lat' dir='ltr'><strong>bnryingplsce</strong></span> <span class='ocrx_word' id='word_1_166' title='bbox 732 3528 794 3577; x_wconf 85' lang='lat' dir='ltr'><strong>with</strong></span> <span class='ocrx_word' id='word_1_167' title='bbox 810 3543 867 3592; x_wconf 87' lang='lat' dir='ltr'><strong>you,</strong></span> <span class='ocrx_word' id='word_1_168' title='bbox 885 3528 942 3576; x_wconf 76' lang='lat' dir='ltr'><strong>that</strong></span> <span class='ocrx_word' id='word_1_169' title='bbox 958 3526 973 3574; x_wconf 93' lang='lat' dir='ltr'>I</span> <span class='ocrx_word' id='word_1_170' title='bbox 990 3541 1049 3589; x_wconf 80' lang='lat' dir='ltr'><strong>may</strong></span> <span class='ocrx_word' id='word_1_171' title='bbox 1059 3525 1123 3587; x_wconf 83' lang='lat' dir='ltr'><strong>bury</strong></span> <span class='ocrx_word' id='word_1_172' title='bbox 1140 3538 1183 3585; x_wconf 90' lang='lat' dir='ltr'><strong>my</strong></span> 
     </span>
     <span class='ocr_line' id='line_1_24' title="bbox 285 3620 835 3687; baseline -0.007 -14"><span class='ocrx_word' id='word_1_173' title='bbox 285 3624 350 3673; x_wconf 88' lang='lat' dir='ltr'><strong>dead</strong></span> <span class='ocrx_word' id='word_1_174' title='bbox 367 3628 412 3673; x_wconf 88' lang='lat' dir='ltr'><strong>out</strong></span> <span class='ocrx_word' id='word_1_175' title='bbox 429 3623 458 3673; x_wconf 84' lang='lat' dir='ltr'><strong>ol</strong></span> <span class='ocrx_word' id='word_1_176' title='bbox 470 3639 513 3687; x_wconf 89' lang='lat' dir='ltr'><strong>my</strong></span> <span class='ocrx_word' id='word_1_177' title='bbox 530 3620 714 3686; x_wconf 76' lang='lat' dir='ltr'><strong>sight.”-0eu.</strong></span> <span class='ocrx_word' id='word_1_178' title='bbox 727 3620 797 3669; x_wconf 84' lang='lat' dir='ltr'><strong>xxiii.</strong></span> <span class='ocrx_word' id='word_1_179' title='bbox 811 3636 835 3681; x_wconf 79' lang='lat'><strong>4.</strong></span> 
     </span>
    </p>
   </div>
   <div class='ocr_carea' id='block_1_7' title="bbox 0 0 1373 4134">
    <p class='ocr_par' dir='ltr' id='par_1_14' title="bbox 0 0 1373 4134">
     <span class='ocr_line' id='line_1_25' title="bbox 0 0 1373 4134; baseline 0 0"><span class='ocrx_word' id='word_1_180' title='bbox 0 0 1373 4134; x_wconf 95' lang='lat' dir='ltr'><strong> </strong></span> 
     </span>
    </p>
   </div>
  </div>
 </body>
</html>
