2725 4134
187 568 206 623 8
402 563 626 625 SPELUNOA
651 564 835 622 DUPLEX

227 760 299 820 Haeo
319 761 369 820 ubi
390 761 468 820 dieta
488 762 576 835 dedit,
597 762 672 821 leoto
692 761 843 839 resupinus
863 761 893 819 in
914 762 977 838 ipso

186 893 340 968 Sternitur,
361 902 392 954 et
411 894 538 954 moriens
557 895 684 953 animam
704 914 771 953 eum
790 912 861 953 voce
881 892 1013 952 remittit.

185 1024 329 1084 Continuo
350 1026 442 1085 audiri
462 1047 547 1087 voees
566 1035 597 1085 et
616 1046 765 1085 murmure
785 1026 907 1085 flentum

184 1157 241 1215 Per
260 1165 368 1217 terram
387 1159 507 1237 procul:
537 1159 662 1217 Hebraeo
682 1178 770 1236 super
789 1158 903 1236 hospite
922 1163 1023 1235 gentes

183 1290 263 1350 Dant
283 1290 431 1369 lacrymas,
452 1292 623 1369 penitusque
643 1291 780 1369 immugit
799 1291 880 1369 regia
899 1291 988 1349 luctu.

184 1422 257 1481 Inde
276 1423 327 1481 nbi
347 1430 426 1483 eerta
446 1423 507 1482 dies
515 1434 538 1497 ἕ,
559 1424 700 1483 volvendo
721 1430 860 1501 tempore,
881 1423 968 1481 finem

183 1556 325 1631 imposuit
346 1556 478 1633 lacrymis
489 1578 498 1629 3
525 1563 681 1634 properant
702 1556 849 1615 exsolvere
870 1556 931 1614 nati

183 1689 260 1748 Vota
280 1689 371 1767 patris
391 1709 540 1762 memores,
557 1690 695 1767 jussoque
716 1688 816 1746 efferre
836 1687 967 1764 sepulcro

183 1820 336 1898 Reliquias.
381 1820 456 1878 Tum
475 1821 578 1898 longus
598 1840 682 1897 agros
703 1818 881 1879 discriminat
902 1819 982 1884 ordo,

183 1951 312 2013 Gentiles
333 1952 369 2010 de
389 1971 469 2011 more
489 1952 583 2025 duces,
604 1952 722 2028 natique
742 1958 917 2028 nepotesque

183 2086 340 2159 Innumeri,
361 2086 534 2163 rapiuntque
553 2084 639 2144 viam
682 2084 846 2145 Comitatnr
867 2091 966 2144 euntes

182 2220 278 2279 Mixto
297 2219 427 2295 equitum
447 2218 634 2296 peditumque
655 2217 765 2290 cohors,
786 2217 926 2295 AEgyptia
946 2218 1043 2294 pubes,

182 2347 252 2404 Dux
273 2346 428 2423 eodemque
447 2346 502 2403 viae
522 2352 624 2404 custos.
668 2346 758 2404 Juvat
779 2346 884 2405 addere
903 2353 1014 2405 turmas

181 2477 221 2535 Et
240 2483 401 2534 monstrare
421 2474 485 2546 iter,
507 2482 537 2532 et
557 2474 676 2553 longum
696 2476 854 2551 producere
874 2476 967 2535 funus.

181 2608 254 2667 Inde
273 2608 324 2667 ubi
343 2628 396 2685 per
415 2606 486 2665 fines
506 2606 644 2680 Arabum,
664 2609 778 2667 deserta
797 2611 935 2683 locorum,

180 2741 303 2799 Vastum
323 2741 380 2800 iter
399 2744 506 2802 emensi
526 2743 651 2816 tandem,
673 2763 748 2801 nova
768 2744 899 2820 protinus
920 2766 996 2819 arva,

181 2872 259 2932 Arva
278 2874 329 2931 diu
349 2875 489 2951 promissa
509 2875 576 2943 suis,
597 2876 777 2952 patriamque
798 2874 933 2949 futurum,

180 3007 362 3084 Pr0spieiunt
381 3008 501 3085 visuque
521 3008 640 3067 inhiant.
683 3008 821 3067 Jordanis
840 3010 877 3067 ad
898 3030 1011 3069 amnem

179 3138 340 3198 instituunt
359 3140 463 3205 varios,
484 3138 633 3198 sollemnia
653 3158 782 3205 munera,
803 3138 885 3197 ludos
896 3159 905 3210 ;

179 3271 219 3329 Et
239 3278 350 3348 septem
370 3272 406 3329 de
426 3291 506 3329 more
527 3271 588 3328 dies
609 3270 766 3329 ululatibus
786 3270 908 3347 implent

179 3399 315 3458 Funereis
335 3400 447 3459 vallem.
492 3400 593 3460 Manet
613 3420 705 3477 usque
725 3400 755 3457 in
777 3400 879 3475 saecula
899 3402 994 3461 luctus

506 3553 517 3581 ¹
533 3548 596 3595 Gen.
609 3548 626 3596 l.
645 3558 734 3607 4-13.
