2725 4134
524 594 576 649 IN
598 593 708 651 AGRO
730 592 958 652 EPHRONIS.
1174 596 1191 662 7

294 789 426 847 “Elatus
446 789 572 861 taudem,
593 789 708 866 genitor
729 808 830 847 meus:
859 791 914 848 huc
936 811 1048 868 quoque
1070 798 1170 857 mater,

294 930 310 953 “
325 920 391 978 Huc
412 922 518 998 conjux
531 941 638 979 :—n0n
659 921 709 978 ille
729 921 821 998 magis
842 922 946 980 dilecta
966 920 1089 988 ssorore,

295 1062 310 1085 “
324 1052 534 1130 Intempestive
554 1074 640 1130 quam
660 1054 844 1131 plorabamus
865 1054 1030 1129 ademptam

293 1186 422 1244 “Morte
442 1186 531 1264 prius,
552 1194 716 1264 metamque
736 1187 789 1245 viae
810 1186 954 1263 finemque
978 1185 1108 1244 laborum

293 1326 309 1350 “
325 1316 419 1390 Quam
440 1318 532 1394 tetigi.
556 1318 659 1395 Neque
679 1318 758 1376 enim
778 1325 830 1375 tua
849 1324 879 1375 te
900 1316 1079 1375 sanctissima
1099 1324 1191 1375 mater

291 1456 308 1478 ‘⁸
324 1445 456 1504 Ducebat
475 1466 607 1522 puerum,
628 1467 721 1523 neque
743 1467 855 1505 meeum
876 1453 973 1523 erepta
994 1454 1114 1505 senectae

294 1574 438 1633 “Gaudia
456 1576 595 1653 plorabat,
619 1596 709 1653 quum
730 1584 760 1635 te
781 1576 852 1633 mihi
872 1576 965 1635 tristis
985 1576 1084 1652 iniqua

295 1705 410 1765 “Sorte
430 1707 491 1766 dies
511 1708 690 1785 fratrumque
711 1708 794 1766 dolus
815 1708 961 1781 subduxit,
983 1715 1012 1767 et
1034 1708 1091 1767 oris

293 1840 310 1867 “
323 1835 439 1914 Abjeeit
459 1838 560 1914 procul
580 1838 696 1915 ignotis.
741 1839 812 1898 Haec
833 1858 891 1897 una
911 1839 1042 1916 sepulcro

292 1980 308 2001 “
322 1968 465 2027 Conditur
485 1975 612 2042 externo,
634 1969 743 2027 eineres
763 1990 816 2027 nee
837 1970 932 2046 tangit
953 1969 1066 2029 amieos.

331 2228 472 2287 “Nostra
491 2237 589 2289 tamen
609 2231 711 2308 patriis
732 2239 765 2289 tu
782 2230 915 2307 junxeris
936 2230 1046 2288 ossibus
1068 2250 1131 2287 ossa

290 2360 401 2419 “Huic
421 2369 564 2439 praerepta
582 2363 662 2422 solo:
685 2382 777 2440 neque
798 2362 876 2421 enim
896 2382 942 2420 me
963 2382 1049 2420 saxea
1069 2363 1158 2420 moles

289 2492 471 2551 “Pastorem
491 2493 582 2559 decet,
605 2503 634 2553 et
654 2495 741 2553 variis
762 2495 898 2554 distincta
918 2494 1017 2571 figuris

290 2635 307 2657 “
322 2623 406 2683 Atria
416 2645 426 2697 3
453 2644 510 2682 neu
530 2644 612 2702 reges
632 2625 708 2684 inter
724 2626 847 2702 jacuisse
867 2630 995 2683 vetustos

290 2760 307 2788 “
322 2755 493 2833 Contigerit.
535 2757 603 2814 lam
623 2776 700 2815 nunc
720 2758 845 2815 moriens
865 2756 928 2827 tibi,
950 2762 1024 2822 nate,
1046 2755 1164 2813 remitto

290 2892 307 2918 “
322 2887 499 2965 Exsequias:
526 2896 561 2947 tu
581 2889 659 2947 solve
679 2909 797 2947 memor.
841 2888 889 2947 Sic
910 2887 1007 2945 debita
1027 2886 1128 2944 reddes

290 3032 306 3054 “
323 3023 454 3094 Munera,
476 3042 528 3080 nee
548 3022 634 3081 solita
653 3022 770 3098 pietatis
791 3021 874 3079 laude
895 3019 1030 3079 carebis.”

321 3278 330 3307 ¹
348 3282 474 3331 “Rachel
490 3282 548 3331 died
562 3283 596 3347 by
611 3298 652 3330 me
670 3284 697 3331 in
713 3284 756 3331 the
772 3283 831 3331 land
849 3283 877 3330 of
892 3283 1001 3337 Cauaan,
1016 3281 1042 3328 in
1062 3280 1105 3329 the
1121 3296 1183 3343 way,

287 3372 361 3420 when
376 3374 448 3422 there
463 3390 513 3423 was
530 3374 576 3422 but
591 3391 607 3422 a
623 3373 690 3421 little
702 3390 757 3437 way
769 3378 795 3421 to
807 3388 876 3421 come
888 3378 950 3422 unto
962 3372 1091 3436 Ephrath:
1109 3372 1159 3419 and
1172 3371 1184 3418 I

285 3463 374 3512 buried
385 3464 430 3512 her
440 3463 510 3511 there
522 3465 547 3512 in
559 3466 602 3513 the
614 3480 670 3526 way
681 3464 710 3512 of
718 3463 948 3527 Ephrath.”—Gea,
961 3463 1037 3511 xlviii.
1052 3475 1072 3523 7.
