2725 4134
198 585 233 643 lt
428 582 654 643 SPELUNCA
679 582 863 641 DUPLEX

234 779 349 840 Scilicet
369 780 422 839 hoa
443 780 530 840 etiam
550 800 653 847 morea,
674 780 735 838 haec
756 787 838 840 tanta
858 780 986 839 locorum

193 910 336 984 Prasidia,
358 910 545 989 astrictasque
560 918 662 971 tenent
682 930 747 989 quae
767 910 882 970 vincula
901 918 1012 971 mentes

192 1043 285 1103 Tanta
304 1043 443 1123 religione
463 1043 624 1110 hominum,
646 1064 721 1103 nova
740 1052 873 1121 tempora
893 1050 1008 1103 mutant

191 1176 353 1250 Paullatim,
374 1176 510 1255 laxatque
530 1177 612 1236 annis
631 1177 814 1237 volventibus
834 1196 910 1236 usus.

191 1307 236 1368 Ao
255 1309 336 1369 velut
355 1311 490 1369 obseruas
510 1309 829 1388 superimpendentibus
849 1312 966 1369 umbras

188 1438 358 1508 Arboribus,
379 1439 405 1498 si
421 1431 496 1499 forte
516 1459 628 1499 comam
648 1440 803 1499 dimoverit
823 1458 900 1507 aura,

189 1572 322 1631 Illustrat
337 1572 425 1650 jubar
445 1572 611 1645 admissam,
631 1572 811 1650 tremulaque
831 1593 884 1649 per
903 1572 1005 1631 herbas

189 1705 267 1764 Luce
286 1725 393 1785 vagum
413 1705 522 1764 clausas
541 1705 635 1784 aperit
656 1704 777 1783 caligine
797 1704 876 1763 silvae

188 1836 313 1897 Delicias
324 1858 332 1910 ;
361 1837 402 1896 sic
422 1843 505 1915 grata
525 1838 602 1895 viam
623 1836 805 1914 sperantibus
825 1836 896 1895 hora

188 1969 249 2029 Dat
268 1968 389 2034 facilem,
409 1967 568 2046 panditque
587 1968 690 2027 foresm
711 1986 769 2025 non
790 1974 856 2027 ante
876 1974 1015 2045 patentes.

187 2100 285 2161 Primo
305 2101 430 2160 claustra
449 2100 513 2173 tibi,
534 2100 678 2193 l’rinoepa
701 2119 848 2176 superasse
867 2100 993 2177 maligna

187 2232 340 2292 Portarum
360 2232 455 2299 datur,
478 2238 508 2291 et
528 2252 623 2291 sacros
643 2232 762 2309 impune
782 2250 909 2290 recessus

186 2356 383 2435 Conspexisae.
427 2356 512 2415 Valet
532 2363 648 2415 tantum
667 2356 750 2434 regni
771 2356 830 2416 alta
851 2356 983 2415 Britanni

186 2489 331 2567 MaJestas,
353 2497 383 2548 et
403 2494 502 2548 sancta
522 2488 647 2547 verendo
667 2488 784 2549 nomine
803 2496 879 2549 vota.

227 2748 302 2806 Ecce
322 2754 420 2807 tamen
440 2754 540 2824 portas
560 2748 685 2806 subeunt
706 2758 736 2807 et
756 2747 902 2825 inhospita
921 2747 1023 2825 templi

185 2879 309 2946 Moenia;
339 2880 509 2957 suspiciunt,
529 2899 581 2957 spe
597 2879 660 2957 jam
679 2879 815 2957 propiore
835 2886 991 2939 trementes

185 3011 281 3071 Corda
300 3011 433 3077 viatores,
453 3011 610 3089 coeptisque
629 3010 785 3069 audacibus
805 3010 922 3070 instant.

184 3143 215 3201 N
216 3163 248 3201 ec
267 3162 349 3202 mora
360 3164 369 3216 3
390 3143 479 3202 sentit
500 3143 577 3201 enim
597 3142 671 3200 laxis
692 3141 814 3219 vestigia
834 3141 965 3200 claustris

216 3332 236 3357 ¹²¹
252 3324 303 3372 For
313 3341 345 3373 an
357 3330 464 3373 account
472 3325 501 3373 of
509 3325 553 3373 the
564 3325 654 3373 Princo
662 3326 690 3373 ot
700 3324 805 3381 Wales'a
817 3326 875 3374 visit
886 3330 913 3373 to
924 3326 967 3374 the
976 3326 1085 3389 Mosque

183 3414 212 3463 of
225 3415 339 3473 Hebron,
359 3416 385 3463 in
402 3417 477 3480 April
494 3415 565 3477 1862,
584 3416 634 3465 and
650 3416 801 3479 description
818 3416 847 3465 of
862 3417 895 3466 its
914 3417 1025 3477 interior,
1044 3434 1085 3466 aee

183 3506 228 3555 Dr.
238 3506 362 3570 Stanley'a
376 3510 391 3535 ‘⁸
403 3506 523 3555 Leotures
534 3524 567 3555 on
578 3507 622 3555 the
633 3506 730 3555 Jeaish
742 3506 866 3565 Ohuroh,''
877 3507 1013 3569 Appendix
1025 3509 1061 3555 ΙΙ.
