2725 4134
204 645 224 699 4
437 638 663 701 SPELUNOA
688 640 872 699 DUPLEX

204 837 270 895 Cari
290 837 404 897 haurire
424 838 524 916 patris,
544 837 739 915 pallentiaque
759 858 810 897 era
830 804 928 895 videre

203 970 376 1029 Extremum
396 970 481 1036 senis,
502 976 533 1029 et
552 970 686 1029 dextram
706 968 879 1045 conjungere
900 965 1016 1024 dextrae.

202 1102 257 1161 Ille
276 1102 338 1161 dies
358 1103 460 1162 recolit
479 1103 596 1180 priseos,
617 1120 768 1178 oevumque
787 1100 885 1158 labore

200 1233 394 1306 Distrietum3
422 1252 555 1292 eoneessa
573 1233 700 1311 benigno
721 1230 839 1289 numine
859 1230 943 1303 dona,

200 1367 240 1426 Et
260 1386 352 1444 genus
372 1373 402 1425 et
422 1373 515 1432 natos,
536 1366 700 1444 famamque
720 1371 750 1424 et
770 1364 830 1423 fata
850 1384 975 1424 suorum.

200 1499 300 1575 Qualis
319 1499 370 1557 ubi
391 1499 466 1557 celso
487 1499 618 1557 sublimis
638 1505 738 1557 monte
758 1497 852 1556 viator

200 1632 341 1709 Prospieit
361 1632 503 1691 undantes
522 1652 638 1710 campos
659 1639 689 1690 et
710 1630 804 1689 dulcia
825 1650 892 1688 rura

198 1763 277 1823 Ante
296 1765 394 1841 pedes,
416 1764 505 1824 veluti
526 1764 604 1842 picta
625 1762 769 1840 descripta
788 1761 902 1827 tabella,

200 1895 267 1955 Sole
287 1916 362 1954 novo
383 1895 499 1973 fulgere.
543 1895 640 1968 Videt,
660 1894 781 1971 visuque
802 1893 856 1953 sub
876 1891 940 1969 ipso

201 2025 380 2104 Obstupuit:
409 2046 484 2085 nune
504 2025 561 2083 hue
583 2025 689 2091 oeulos,
712 2044 788 2083 nune
808 2023 909 2102 dirigit
929 2022 1004 2089 illue,

201 2159 240 2218 Et
260 2158 340 2217 varia
360 2166 487 2218 mentem
507 2158 655 2234 perculsus
674 2156 800 2233 imagine
821 2156 934 2235 gaudet.

235 2426 253 2452 “
260 2419 376 2498 Accipe,
388 2421 480 2487 nate‚”
490 2421 593 2498 inquit,
603 2424 620 2452 “
628 2440 693 2479 mea
703 2421 791 2479 verba
805 2428 935 2481 extrema
947 2421 1097 2500 loquentis¹

202 2552 304 2610 “Vixi
321 2552 474 2630 equidem3
495 2553 545 2613 sed
561 2551 644 2611 vita⁸
661 2552 766 2626 brevis,
781 2572 950 2631 semperque
968 2552 1098 2611 laborum

203 2685 322 2743 “Plena
341 2685 404 2758 fuit,
426 2705 478 2744 nee
498 2692 606 2763 quanta
626 2684 698 2743 meis
719 2685 876 2763 majeribus
896 2690 965 2741 setes

203 2816 355 2874 “Munere
376 2836 453 2875 cessa
474 2817 540 2876 Dei.
583 2817 713 2876 Praesens
733 2814 858 2875 servavit
879 2818 995 2871 euntem

203 2949 288 3008 “Ille
307 2967 359 3026 per
378 2956 516 3028 angustos
536 2950 620 3009 calles
640 2957 671 3009 et
692 2948 775 3009 devia
794 2946 871 3018 vitm,

203 3085 220 3115 “
235 3082 426 3160 Securumque
446 3083 508 3142 seni
527 3082 609 3141 dedit
629 3089 713 3141 extra
732 3086 801 3141 vote
820 3078 950 3139 sulutem.

205 3214 357 3291 “Jamque
377 3213 438 3273 dies
458 3213 552 3273 fatalis
571 3213 661 3285 adest,
683 3219 713 3271 et
734 3209 849 3271 debitus
869 3229 930 3269 aevo

236 3448 245 3468 ¹
265 3444 280 3468 “
292 3442 351 3491 Few
362 3441 412 3490 and
423 3440 472 3490 evil
483 3439 546 3489 have
557 3440 601 3489 the
612 3440 674 3504 days
686 3441 711 3488 of
726 3440 769 3489 the
783 3456 856 3504 years
873 3441 900 3489 ef
914 3456 956 3503 my
968 3438 1010 3487 life
1028 3437 1098 3497 been,

204 3533 254 3581 and
265 3533 328 3581 have
340 3536 385 3581 not
395 3531 509 3580 attained
521 3535 582 3579 unte
592 3531 636 3580 the
648 3531 710 3595 days
726 3532 752 3580 oi
768 3531 812 3580 the
824 3547 895 3596 years
912 3530 940 3579 es
954 3546 996 3595 my
1007 3528 1101 3578 fathers

204 3623 230 3670 in
242 3623 284 3669 the
297 3622 358 3669 davs
369 3622 397 3669 of
405 3621 471 3670 their
482 3621 745 3687 pilgiimsge.’'—-Gen.
758 3622 825 3673 xlvii.
840 3637 864 3688 9.
