2725 4134
512 594 567 649 IN
585 593 697 651 Aelio
717 593 946 654 EPHRONIS.
1144 598 1174 652 ll

318 788 399 865 Ergo
418 808 477 847 non
497 795 617 865 potuere
638 789 707 861 dies,
729 810 788 848 non
808 790 910 848 saevior
930 790 1017 847 armis

275 920 378 993 Rome,
400 921 497 999 gravis
515 928 601 981 terroe
621 922 770 996 domitrix,
792 930 822 981 et
842 923 933 981 ferree
949 923 1017 1000 jure

275 1051 399 1111 Caesaris
418 1053 570 1131 antiquum
589 1054 759 1113 venerendae
779 1054 858 1131 rupis
879 1054 1017 1113 honorem

276 1186 396 1253 Emere,
418 1193 448 1245 et
468 1187 564 1245 cultus
583 1187 688 1244 animis
708 1187 822 1245 abolere
842 1187 960 1263 priores.

274 1317 374 1395 Atque
393 1318 445 1377 ubi
460 1319 531 1395 jam,
553 1319 688 1377 volvente
709 1319 764 1386 die,
786 1338 856 1396 gens
877 1319 949 1377 dura
971 1318 1064 1377 Sebaei

275 1448 422 1525 Praeoipiti
442 1448 534 1507 fidens
554 1450 651 1507 animo
671 1458 702 1509 et
722 1449 888 1536 uictricibus
909 1450 997 1508 ermis

276 1580 415 1655 Inueret‚
436 1602 569 1659 saevoque
589 1582 729 1659 implebat
749 1582 841 1641 milite
862 1600 997 1659 eemp0s;

277 1712 346 1771 Non
365 1720 463 1773 tamen
483 1715 515 1772 hi
535 1715 619 1773 femae
639 1714 754 1787 veteris,
775 1714 937 1793 veterisque
957 1714 1080 1792 sepulcri

275 1845 464 1906 Immemores
483 1847 572 1905 saeris
591 1847 698 1906 iterum
719 1846 905 1905 sollemnibus
925 1847 1035 1906 instent

275 1976 315 2035 Et
334 1976 395 2035 ritu
414 1978 550 2037 decorare
569 1998 652 2037 novo.
697 1978 769 2037 Mox
789 1978 924 2054 praesidet
944 1988 1027 2037 entre

274 2110 363 2169 Leote
382 2112 565 2171 sacerdotum
584 2132 694 2178 munus,
716 2120 745 2171 et
766 2112 896 2171 custodio
916 2119 1011 2171 servat

273 2242 364 2303 Arete
383 2244 498 2302 losum:
530 2244 656 2303 clausere
676 2244 772 2303 editus
792 2250 878 2321 atque
899 2244 973 2302 ostie
993 2242 1101 2301 circum

275 2376 424 2453 Speluncae
444 2378 539 2451 simul,
561 2385 591 2437 et
610 2397 730 2456 posuere
751 2377 881 2455 ingentia
901 2377 1017 2454 temple.

274 2507 358 2565 Nulli
377 2508 420 2567 fes
439 2528 552 2567 suerum
572 2509 725 2587 peregrino
745 2508 877 2567 insistere
898 2508 994 2581 limen,

275 2641 336 2700 Neo
356 2642 464 2719 primes
483 2642 605 2702 transire
625 2642 708 2701 fores.
752 2642 810 2701 Hie
830 2662 905 2719 seepe
925 2641 1020 2700 vietor

274 2774 415 2833 Exclusus
436 2774 528 2841 stetit,
548 2782 583 2835 ut
603 2794 701 2833 seeum
721 2774 860 2833 miracula
880 2780 976 2833 verset

273 2906 366 2965 Tanto
384 2906 449 2974 looi,
471 2907 624 2984 subitoque
644 2905 763 2965 ineundi
783 2905 922 2982 impletur
941 2924 1060 2963 amore:

274 3038 605 3115 Nequicquam-neque
626 3038 703 3096 enim
724 3045 823 3116 portes
842 3057 969 3096 reserere
989 3037 1129 3115 malignes

274 3168 358 3228 Dona
377 3169 482 3242 velent,
504 3170 668 3247 crebrosque
688 3188 806 3247 preces:
835 3169 957 3227 immota
976 3167 1085 3227 resistit

274 3300 434 3360 Custodum
454 3300 529 3359 mele
550 3300 633 3359 firme
653 3300 733 3373 fides,
753 3305 784 3359 et
804 3299 899 3358 nessia
920 3299 997 3359 fleoti

273 3433 392 3511 Religio.
434 3432 561 3492 Tantum
582 3434 678 3508 potuit
700 3432 818 3490 suadere
838 3438 974 3490 vetustos.
